

@inproceedings{bhatnagar2016dalite,
  title={DALITE: Asynchronous peer instruction for MOOCs},
  author={Bhatnagar, Sameer and Lasry, Nathaniel and Desmarais, Michel and Charles, Elizabeth},
  booktitle={European Conference on Technology Enhanced Learning},
  pages={505--508},
  year={2016},
  organization={Springer}
}

@article{lasry2008peer,
  title={Peer instruction: From Harvard to the two-year college},
  author={Lasry, Nathaniel and Mazur, Eric and Watkins, Jessica},
  journal={American Journal of Physics},
  volume={76},
  number={11},
  pages={1066--1069},
  year={2008},
  publisher={AAPT}
}
@inproceedings{galhardi2018machine,
  title={Machine Learning Approach for Automatic Short Answer Grading: A Systematic Review},
  author={Galhardi, Lucas Busatta and Brancher, Jacques Du{\'\i}lio},
  booktitle={Ibero-American Conference on Artificial Intelligence},
  pages={380--391},
  year={2018},
  organization={Springer}
}
@article{suzen2018automatic,
  title={Automatic Short Answer Grading and Feedback Using Text Mining Methods},
  author={Suzen, Neslihan and Gorban, Alexander and Levesley, Jeremy and Mirkes, Evgeny},
  journal={arXiv preprint arXiv:1807.10543},
  year={2018}
}
@article{kaleta2007student,
  title={Student response systems},
  author={Kaleta, Robert and Joosten, Tanya},
  journal={Research Bulletin},
  volume={10},
  number={1},
  pages={1--12},
  year={2007}
}
@article{farris2017using,
  title={Using Classroom Response Systems to Enhance Teaching and Learning},
  author={Farris, Cindy L and Salmon, Becky A},
  year={2017}
}
@article{nawalaniec2015socrative,
  title={Socrative (Snowy release)},
  author={Nawalaniec, Nicole},
  journal={Journal of the Medical Library Association: JMLA},
  volume={103},
  number={4},
  pages={236},
  year={2015},
  publisher={Medical Library Association}
}
@article{turney2010frequency,
  title={From frequency to meaning: Vector space models of semantics},
  author={Turney, Peter D and Pantel, Patrick},
  journal={Journal of artificial intelligence research},
  volume={37},
  pages={141--188},
  year={2010}
}
@misc{nemeth2011hunspello,
  title={Hunspell spell checker and morphological analyzer designed},
  author={Nemeth, Laszlo},
  year={2011}
}
@article{scapin1997ergonomic,
  title={Ergonomic criteria for evaluating the ergonomic quality of interactive systems},
  author={Scapin, Dominique L and Bastien, JM Christian},
  journal={Behaviour \& information technology},
  volume={16},
  number={4-5},
  pages={220--231},
  year={1997},
  publisher={Taylor \& Francis}
}
@article{dumais2004latent,
  title={Latent semantic analysis},
  author={Dumais, Susan T},
  journal={Annual review of information science and technology},
  volume={38},
  number={1},
  pages={188--230},
  year={2004},
  publisher={Wiley Online Library}
}
@article{reilly2014scoring,
  title={Evaluating the validity and applicability of automated essay scoring in two massive open online courses},
  author={Reilly, E. D., Stafford, R. E., Williams, K. M., and Corliss, S. B.},
  journal={The International Review of Research in Open and Distributed Learning},
  volume={15},
  number={5},
  pages={83--98},
  year={2014}
}
@inproceedings{jerramsCellear2001,
  title={Bridging gaps in computerized assessment of texts},
  author={Jerrams-Smith, J., Soh, V., & Cellear D.},
  booktitle={International Conference on Advanced Learning Technologies},
  pages={139-140},
  year={2001},
  organization={IEEE}
}
@article{mcdonald2017short,
  title={Short answers to deep questions: supporting teachers in large-class settings},
  author={McDonald, J and Bird, RJ and Zouaq, A and Moskal, Adon Christian Michael},
  journal={Journal of Computer Assisted Learning},
  volume={33},
  number={4},
  pages={306--319},
  year={2017},
  publisher={Wiley Online Library}
}
@inproceedings{sultan2016fast,
  title={Fast and easy short answer grading with high accuracy},
  author={Sultan, Md Arafat and Salazar, Cristobal and Sumner, Tamara},
  booktitle={Proceedings of the 2016 Conference of the North American Chapter of the Association for Computational Linguistics: Human Language Technologies},
  pages={1070--1075},
  year={2016}
}
